@manual{oetiket2007lshort,
    author = {Oetiket, T. and Partl, H. and Hyna and Schlegl, E.},
    title  = {The painted photograph, 1839-1914 : origins, techniques, aspirations},
    year   = {1996},
    url    = {http://www.ctan.org/tex-archive/info/lshort/english/lshort.pdf}
}

@misc{pan2019video,
      title={Video Compression Coding via Colorization: A Generative Adversarial Network (GAN)-Based Approach}, 
      author={Zhaoqing Pan and Feng Yuan and Jianjun Lei and Sam Kwong},
      year={2019},
      eprint={1912.10653},
      archivePrefix={arXiv},
      primaryClass={eess.IV}
}

@article{fatima2021image,
  author          = {Fatima, Aroosh and Hussain, Wajahat and Rasool, Shahzad},
  title           = {Grey is the new RGB: How good is GAN-based image colorization for image compression?},
  year            = {2021},
  journal         = {Multimedia Tools and Applications}
}

@Manual{downes2002shortams,
  title = 	 {{Short Math Guide for \LaTeX{}}},
  author = 	 {Downes,, Michael},
  organization = {American Mathematical Society},
  year = 	 {2002},
  url = 	 {ftp://ftp.ams.org/pub/tex/doc/amsmath/short-math-guide.pdf}
}

@Book{ungar2002uvod,
  author = 	 {Šime Ungar},
  title = 	 {{Uvod u \TeX{} s naglaskom na \LaTeX 2$\epsilon$}},
  publisher = 	 {Odjel za matematiku, Sveučilište J.J.\ Strossmayera u Osijeku},
  year = 	 {2002}
}


@Book{henisch1996photograph,
  author = 	 {Henisch, Heinz K and Henisch, Bridget Ann},
  title = 	 {{The painted photograph, 1839-1914 : origins, techniques, aspirations}},
  publisher = 	 {Pennsylvania State University Press},
  year = 	 {1996}
}
